@Article{Hunter:2007,
  Author    = {Hunter, J. D.},
  Title     = {Matplotlib: A 2D graphics environment},
  Journal   = {Computing In Science \& Engineering},
  Volume    = {9},
  Number    = {3},
  Pages     = {90--95},
  abstract  = {Matplotlib is a 2D graphics package used for Python
  for application development, interactive scripting, and
  publication-quality image generation across user
  interfaces and operating systems.},
  publisher = {IEEE COMPUTER SOC},
  year      = 2007
}

@misc{hdf5,
  title = {Hierarchical Data Format v5},
  author = {{The {HDF} Group}},
  howpublished = {\url{https://support.hdfgroup.org/HDF5/}}
}

@misc{CppCoreGuidelines,
  title = {{C++} {C}ore {G}uidelines},
  author = {Sutter, Herb and Stroustrup, Bjarne},
  howpublished = {\url{http://github.com/isocpp/CppCoreGuidelines}},
}

@misc{cppgsl,
  title = {{C++} {G}uideline {S}upport {L}ibrary},
  howpublished = {http://github.com/Microsoft/GSL}
}

@misc{valgrind,
  title = {Valgrind (Software)},
  howpublished = {\url{http://valgrind.org/}},
}

@misc{boost,
  title = {Boost software library},
  howpublished = {\url{http://www.boost.org/}}
}

@misc{boost.hana,
  title = {{B}oost.Hana},
  howpublished = {\url{http://www.boost.org/doc/libs/release/libs/hana}}
}

@misc{boost.math,
  title = {Boost Math Toolkit},
  howpublished = {\url{http://www.boost.org/doc/libs/release/libs/math}}
}

@misc{boost.log2,
  title = {{B}oost.{L}og v2},
  howpublished = {\url{http://www.boost.org/doc/libs/release/libs/log}}
}

@misc{boost.multiarray,
  title = {{B}oost.{M}ultiArray},
  howpublished = {\url{http://www.boost.org/doc/libs/release/libs/multi_array}}
}

@misc{boost.ublas,
  title = {{B}oost.{uBLAS}},
  howpublished = {\url{http://www.boost.org/doc/libs/release/libs/numeric/ublas}}
}

@misc{boost.polygon,
  title = {{B}oost.{P}olygon},
  howpublished = {\url{http://www.boost.org/doc/libs/release/libs/polygon}}
}

@misc{boost.geometry,
  title = {{B}oost.{G}eometry},
  howpublished = {\url{http://www.boost.org/doc/libs/release/libs/geometry}}
}

@misc{boost.timer,
  title = {{B}oost.{T}imer},
  howpublished = {\url{http://www.boost.org/doc/libs/release/libs/timer}}
}

@misc{boost.tokenizer,
  title = {{B}oost.{T}okenizer},
  howpublished = {\url{http://www.boost.org/doc/libs/release/libs/tokenizer}}
}

@misc{gnu.getopt,
  title = {GNU libc getopt},
  howpublished = {\url{https://www.gnu.org/software/libc/manual/html_node/Getopt.html}}
}